@BOOK{Meurisse2018-fj,
  title    = "Algorithmes num{\'e}riques : fondements th{\'e}oriques et analyse
              pratique: Cours, exercices et applications avec {MATLAB}",
  author   = "Meurisse, Marie-H{\'e}l{\`e}ne",
  abstract = "L'ouvrage est un support pour l'utilisateur de logiciels, ou le
              d{\'e}veloppeur de codes num{\'e}riques, dans la s{\'e}lection
              d'algorithmes, d'options et de param{\`e}tres ad{\'e}quats. Il
              donne au scientifique, producteur et/ou utilisateur de
              r{\'e}sultats num{\'e}riques, des outils d'analyse critique. Les
              performances des algorithmes num{\'e}riques fondamentaux sont
              analys{\'e}es, interpr{\'e}t{\'e}es et compar{\'e}es. Afin
              d'{\'e}viter une pr{\'e}sentation de type catalogue, la
              discussion s'appuie d{\'e}lib{\'e}r{\'e}ment sur des fondements
              th{\'e}oriques, mais en {\'e}vitant tout d{\'e}veloppement
              math{\'e}matique trop long, trop abstrait, ou non constructif. Le
              propos est illustr{\'e} d'exemples de mise en oeuvre pratique.
              Une large part de l'ouvrage est consacr{\'e}e {\`a} l'analyse
              num{\'e}rique matricielle (r{\'e}solution des syst{\`e}mes
              lin{\'e}aires par des algorithmes directs ou it{\'e}ratifs,
              calcul de valeurs propres et vecteurs propres). Une attention
              particuli{\`e}re est port{\'e}e aux gros syst{\`e}mes
              lin{\'e}aires, puis aux m{\'e}thodes de r{\'e}solution des
              syst{\`e}mes d'{\'e}quations non lin{\'e}aires. L'ouvrage traite
              {\'e}galement les principales techniques num{\'e}riques
              d'interpolation, d'approximation et d'int{\'e}gration, ainsi que
              les sch{\'e}mas num{\'e}riques destin{\'e}s {\`a} la
              r{\'e}solution des {\'e}quations ou syst{\`e}mes
              diff{\'e}rentiels {\`a} valeurs initiales. L'ensemble est
              compl{\'e}t{\'e} avec un choix d'exercices, de probl{\`e}mes de
              synth{\`e}se, et d'applications en environnement MATLAB.",
  month    =  jan,
  year     =  2018,
  language = "fr"
}

@BOOK{Amodei2008-gp,
  title    = "Analyse num{\'e}rique matricielle: cours et exercices
              corrig{\'e}s",
  author   = "Amodei, Luca and Dedieu, Jean-Pierre",
  abstract = "Cet ouvrage est destin{\'e} aux {\'e}tudiants en Master de
              math{\'e}matiques appliqu{\'e}es, aux {\'e}l{\`e}ves
              ing{\'e}nieurs, ainsi qu'aux candidats au CAPES ou {\`a}
              l'Agr{\'e}gation. Il propose un panorama des probl{\`e}mes
              abord{\'e}s en analyse num{\'e}rique matricielle : normes sur les
              espaces de matrices, d{\'e}compositions matricielles,
              m{\'e}thodes directes ou it{\'e}ratives de r{\'e}solution des
              syst{\`e}mes lin{\'e}aires, probl{\`e}mes des valeurs propres. On
              y aborde les aspects th{\'e}oriques de ces questions,
              l'algorithmique qui y est associ{\'e}e ainsi que les
              probl{\`e}mes de complexit{\'e}, de sensibilit{\'e} aux erreurs
              et de stabilit{\'e}. Le cours est illustr{\'e} par des exercices
              corrig{\'e}s qui mettent en {\oe}uvre les techniques introduites
              dans chaque chapitre.",
  year     =  2008,
  language = "fr"
}
@BOOK{Lascaux2004-gj,
  title    = "Analyse num{\'e}rique matricielle appliqu{\'e}e {\`a} l'art de
              l'ing{\'e}nieur",
  author   = "Lascaux, Patrick and Th{\'e}odor, Raymond",
  abstract = "La mod{\'e}lisation des probl{\`e}mes que l'on rencontre dans les
              sciences de l'ing{\'e}nieur, et dont certains sont
              pr{\'e}sent{\'e}s dans ce livre, conduit {\`a} la r{\'e}solution
              de syst{\`e}mes d'{\'e}quations en dimension finie. Ainsi le
              calcul scientifique repose-t-il essentiellement sur la
              r{\'e}solution de syst{\`e}mes lin{\'e}aires - le cas
              {\'e}ch{\'e}ant, au sens des moindres carr{\'e}s - et la
              recherche de valeurs et vecteurs propres. Cet ouvrage en deux
              volumes (1. M{\'e}thodes directes et 2. M{\'e}thodes
              it{\'e}ratives) contient un expos{\'e} des principales
              m{\'e}thodes, depuis les plus classiques ({\'e}limination de
              Gauss, surrelaxation, puissance it{\'e}r{\'e}e, QR,...) et leurs
              extensions (matrices creuses, it{\'e}rations de sous-espaces,...)
              jusqu'aux plus r{\'e}centes (gradient conjugu{\'e}
              pr{\'e}conditionn{\'e}, multigrille, Lanczos,...). En plus de
              l'expos{\'e} math{\'e}matique des m{\'e}thodes et de la
              d{\'e}monstration de leur convergence, les diff{\'e}rents aspects
              de l'{\'e}valuation pratique des algorithmes sont
              pr{\'e}sent{\'e}s : g{\'e}n{\'e}ralit{\'e} d'application,
              pr{\'e}cision et stabilit{\'e} aux erreurs d'arrondi,
              rapidit{\'e} de calcul, place m{\'e}moire n{\'e}cessaire,
              facilit{\'e} de programmation, essais num{\'e}riques,... Ce
              livre, qui pr{\'e}sente dans un langage accessible aux
              {\'e}tudiants, techniciens et ing{\'e}nieurs, une synth{\`e}se
              des m{\'e}thodes de l'analyse num{\'e}rique matricielle,
              int{\'e}ressera tous ceux qui utilisent le calcul scientifique.
              Gr{\^a}ce {\`a} des rappels pr{\'e}liminaires, sa lecture ne
              n{\'e}cessite que la connaissance d'un cours {\'e}l{\'e}mentaire
              d'alg{\`e}bre matricielle.",
  year     =  2004,
  language = "fr"
}
@BOOK{Magoules2017-tb,
  title    = "Calcul scientifique parall{\`e}le: Cours, exercices corrig{\'e}s,
              exemples avec {MPI} et {openMP}",
  author   = "Magoul{\`e}s, Fr{\'e}d{\'e}ric and Roux, Fran{\c c}ois-Xavier",
  abstract = "Le but de cet ouvrage est d'expliquer et d'illustrer par des
              exemples concrets les techniques r{\'e}centes de calcul
              scientifique pour la simulation num{\'e}rique de probl{\`e}mes de
              grandes tailles issus de syst{\`e}mes mod{\'e}lis{\'e}s par des
              {\'e}quations aux d{\'e}riv{\'e}es partielles. Les
              diff{\'e}rentes m{\'e}thodes de formation et de r{\'e}solution
              des grands syst{\`e}mes lin{\'e}aires sont pr{\'e}sent{\'e}es. La
              conception des m{\'e}thodes r{\'e}centes et les algorithmes
              associ{\'e}s sont {\'e}tudi{\'e}s en d{\'e}tail. Les plus : une
              approche didactique ; des exemples avec MPI et OpenMP ; des
              exercices corrig{\'e}s.",
  month    =  oct,
  year     =  2017,
  language = "fr"
}

